@online{leapcharacteristics,
    author  = "Alex Colgan",
    title   = "How Does the Leap Motion Controller Work?",
    url     = "http://blog.leapmotion.com/hardware-to-software-how-does-the-leap-motion-controller-work/"
}

@online{leapsdkdocs,
	title = "Leap Motion SDK and Plugin Documentation",
	url = "https://developer.leapmotion.com/documentation/index.html"
}

@online{leapjsplugins,
	title = "LeapJS and Plugins",
	url = "https://developer-archive.leapmotion.com/javascript#plugins"
}

@online{nodejs,
	title = "What You Need To Know About Node.js",
	url = "http://readwrite.com/2013/11/07/what-you-need-to-know-about-nodejs"
}